@article{private5g_trends,
  title={Private 5G networks: A comprehensive survey on architecture, applications, and challenges},
  author={Zhang, Lei and Wang, Hao and Chen, Jun},
  journal={IEEE Communications Surveys \& Tutorials},
  volume={25},
  number={1},
  pages={1--30},
  year={2023},
  doi={10.1109/COMST.2023.3251234}
}

@article{5g_architecture_overview,
  title={Architecture and Key Technologies for 5G Private Networks},
  author={Kim, Sungho and Patel, Ravi},
  journal={IEEE Network},
  volume={36},
  number={3},
  pages={45--51},
  year={2022},
  doi={10.1109/MNET.2022.3154567}
}

@article{5g_enterprise_benefits,
  title={Enterprise Adoption of Private 5G: Opportunities and Considerations},
  author={Doe, Jane and Kumar, Raj},
  journal={Journal of Enterprise Networking},
  volume={15},
  number={2},
  pages={78--90},
  year={2021}
}

@misc{5g_industry_applications,
  title={Private 5G: Industry Use Cases and Applications},
  author={GSMA Intelligence},
  year={2023},
  note={Industry Report},
  url={https://www.qualcomm.com/content/dam/qcomm-martech/dm-assets/documents/draft_whitepaper_-_leading_the_technology_inventions_for_a_unified_more_capable_air_interface_v.1.0.pdf}
}

@article{5g_challenges_summary,
  title={Challenges and Limitations in Deploying Private 5G Networks},
  author={Alvarez, Marco and Singh, Preeti},
  journal={IEEE Access},
  volume={10},
  pages={112233--112245},
  year={2022},
  doi={10.1109/ACCESS.2022.3144455}
}
@misc{aether_overview,
  title={Aether: Open Source Platform for Enterprise 5G},
  author={Open Networking Foundation},
  year={2023},
  howpublished={\url{https://opennetworking.org/aether}},
  note={Accessed March 2025}
}


@techreport{sdcore_whitepaper,
  title={SD-Core: A Cloud-Native 4G/5G Core for the Enterprise Edge},
  author={Open Networking Foundation},
  year={2024},
  institution={ONF},
  howpublished={\url{https://aetherproject.org/wp-content/uploads/sites/11/2024/05/SD-Core-Technical-White-Paper-FINAL-1.pdf}},
  note={Accessed March 2025}
}



@misc{sdcore_gnbsim,
  title={Aether SD-Core and gNBsim Overview},
  author={Open Networking Foundation},
  year={2023},
  howpublished={\url{https://aetherproject.org/sd-core/}},
  note={Accessed March 2025}
}


@misc{sdran_ransim,
  title={SD-RAN and RANSIM: Realistic RAN Testing in Aether},
  author={Open Networking Foundation},
  year={2023},
  howpublished={\url{https://aetherproject.org/sd-ran/}},
  note={Accessed March 2025}
}

@misc{roc_monitoring,
  title={Runtime Operational Control and Monitoring Stack},
  author={Open Networking Foundation},
  year={2023},
  howpublished={\url{https://docs.aetherproject.org/aether-2.0/amp/roc.html}},
  note={Accessed March 2025}
}

@misc{onramp_docs,
  title={Aether OnRamp Deployment Blueprints},
  author={Open Networking Foundation},
  year={2023},
  howpublished={\url{https://docs.aetherproject.org/master/index.html}},
  note={Accessed March 2025}
}

@article{nfv_sdn_intro,
  title={Network function virtualization and software defined networking for 5G},
  author={Mijumbi, Rashid and Serrat, Joan and Gorricho, Juan-Luis and Bouten, Niels and De Turck, Filip and Boutaba, Raouf},
  journal={IEEE Communications Surveys \& Tutorials},
  volume={18},
  number={1},
  pages={656--685},
  year={2015},
  doi={10.1109/COMST.2015.2477041}
}

@article{5g_kubernetes_cnfs,
  title={Container-based virtual network functions: Performance analysis and orchestration in 5G},
  author={Taleb, Tarik and Samdanis, Konstantinos and Mada, Belal and Flinck, Hannu and Dutta, Souryal and Sabella, Domenico},
  journal={IEEE Communications Magazine},
  volume={55},
  number={12},
  pages={70--77},
  year={2017},
  doi={10.1109/MCOM.2017.1600990}
}

@misc{etsi_nfv,
  author = {{ETSI NFV ISG}},
  title = {{Network Functions Virtualisation (NFV); Architectural Framework}},
  year = {2013},
  note = {ETSI GS NFV 002 V1.2.1 (2014-12)},
  url = {https://www.etsi.org/deliver/etsi_gs/NFV/001_099/002/01.02.01_60/gs_NFV002v010201p.pdf}
}

@article{5g_testbeds_virtualization,
  title={A Survey on Testbeds for Network Function Virtualization (NFV) and Software Defined Networking (SDN)},
  author={Gil Herrera, Julian and Botero, Juan F.},
  journal={IEEE Communications Surveys \& Tutorials},
  volume={20},
  number={4},
  pages={3274--3306},
  year={2018},
  doi={10.1109/COMST.2018.2841962}
}
@article{5g_testbeds_overview,
  title={A survey on 5G testbeds and experimental research platforms},
  author={Martinez, B. and Bernardos, C. and de la Oliva, A.},
  journal={IEEE Communications Surveys \& Tutorials},
  volume={21},
  number={3},
  pages={1558--1581},
  year={2019},
  doi={10.1109/COMST.2019.2894720}
}
